<?xml version='1.0' encoding='UTF-8'?>
<record xmlns="http://www.loc.gov/MARC21/slim">
  <leader>01246cam a2200349 a 4500</leader>
  <controlfield tag="001">939869</controlfield>
  <controlfield tag="003">NjP</controlfield>
  <controlfield tag="005">20170905105707.0</controlfield>
  <controlfield tag="008">941222s1885    ua            000 0 ara d</controlfield>
  <datafield tag="024" ind1="7" ind2=" ">
    <subfield code="a">princeton_aco002488</subfield>
    <subfield code="2">local</subfield>
  </datafield>
  <datafield ind1=" " ind2=" " tag="035">
    <subfield code="a">(OCoLC)ocn176335007</subfield>
  </datafield>
  <datafield ind1=" " ind2=" " tag="035">
    <subfield code="a">(OCoLC)31823721</subfield>
  </datafield>
  <datafield ind1=" " ind2=" " tag="035">
    <subfield code="a">(OCoLC)176335007</subfield>
  </datafield>
  <datafield ind1=" " ind2=" " tag="035">
    <subfield code="a">(CStRLIN)NJPG94-B77656</subfield>
  </datafield>
  <datafield ind1=" " ind2=" " tag="035">
    <subfield code="9">CBN8333TS</subfield>
  </datafield>
  <datafield ind1=" " ind2=" " tag="035">
    <subfield code="a">(NjP)939869</subfield>
  </datafield>
  <datafield ind1=" " ind2=" " tag="035">
    <subfield code="a">939869</subfield>
  </datafield>
  <datafield ind1=" " ind2=" " tag="040">
    <subfield code="a">NjP</subfield>
    <subfield code="c">PUL</subfield>
    <subfield code="d">PUL</subfield>
  </datafield>
  <datafield ind1=" " ind2=" " tag="043">
    <subfield code="a">f-ua---</subfield>
  </datafield>
  <datafield ind1=" " ind2=" " tag="049">
    <subfield code="a">PULL</subfield>
  </datafield>
  <datafield ind1=" " ind2=" " tag="079">
    <subfield code="a">ocm31823721</subfield>
  </datafield>
  <datafield ind1="1" ind2=" " tag="110">
    <subfield code="a">Egypt.</subfield>
    <subfield code="t">Laws, etc.</subfield>
    <subfield code="0">http://id.loc.gov/authorities/names/n80061791</subfield>
  </datafield>
  <datafield ind1="1" ind2="0" tag="245">
    <subfield code="6">880-01</subfield>
    <subfield code="a">Majmūʻ al-awāmir al-ʻāliyah al-ṣādirah fī sanat 1882.</subfield>
  </datafield>
  <datafield ind1=" " ind2=" " tag="260">
    <subfield code="6">880-02</subfield>
    <subfield code="a">[al-qaahirat] :</subfield>
    <subfield code="b">Maṭbaʻat Būlāq,</subfield>
    <subfield code="c">1302 [1885]</subfield>
  </datafield>
  <datafield ind1=" " ind2=" " tag="300">
    <subfield code="a">10, 107 p. ;</subfield>
    <subfield code="c">26 cm.</subfield>
  </datafield>
  <datafield ind1=" " ind2="0" tag="650">
    <subfield code="a">Law</subfield>
    <subfield code="z">Egypt.</subfield>
    <subfield code="0">http://id.loc.gov/authorities/subjects/sh88004969</subfield>
  </datafield>
  <datafield ind1="1" ind2="0" tag="880">
    <subfield code="6">245-01/r</subfield>
    <subfield code="a">مجموع الاوامر العالة الصادرة في سنة 1882.</subfield>
  </datafield>
  <datafield ind1=" " ind2=" " tag="880">
    <subfield code="6">260-02/r</subfield>
    <subfield code="a">[القاهرة] :</subfield>
    <subfield code="b">مطبعة بولاق،</subfield>
    <subfield code="c">1302 [1885]</subfield>
  </datafield>
  <datafield ind1="4" ind2=" " tag="856">
    <subfield code="u">http://hdl.handle.net/2027/njp.32101027315199</subfield>
  </datafield>
  <datafield ind1=" " ind2=" " tag="998">
    <subfield code="a">01/05/95</subfield>
    <subfield code="s">9114</subfield>
    <subfield code="n">NjP</subfield>
    <subfield code="w">NJPG94B77656</subfield>
    <subfield code="d">12/22/94</subfield>
    <subfield code="c">AAH</subfield>
    <subfield code="b">AAH</subfield>
    <subfield code="i">950105</subfield>
    <subfield code="l">NJPG</subfield>
  </datafield>
  <datafield ind1=" " ind2=" " tag="911">
    <subfield code="a">19950115</subfield>
  </datafield>
  <datafield ind1=" " ind2=" " tag="912">
    <subfield code="a">19960628070427.0</subfield>
  </datafield>
  <datafield ind1=" " ind2=" " tag="994">
    <subfield code="a">C0</subfield>
    <subfield code="b">PUL</subfield>
  </datafield>
  <datafield ind1=" " ind2=" " tag="999">
    <subfield code="a">939869</subfield>
  </datafield>
  <datafield ind1="8" ind2="0" tag="852">
    <subfield code="0">1080210</subfield>
    <subfield code="b">nec</subfield>
    <subfield code="t">1</subfield>
    <subfield code="h">KRB</subfield>
    <subfield code="i">.M345 1885</subfield>
  </datafield>
  <datafield ind1="8" ind2=" " tag="852">
    <subfield code="0">8686241</subfield>
    <subfield code="b">elf1</subfield>
    <subfield code="h">Electronic Resource</subfield>
  </datafield>
  <datafield ind1=" " ind2=" " tag="959">
    <subfield code="a">2000-06-08 00:00:00 -0500</subfield>
  </datafield>
</record>
